03567d7a-0f4f-44e1-98cc-cda28dd14f18,97,3142,2017-11-12 22:00:00.0,4be6198d_0828_43fd_bf01_0c3ecab916b9
03c048f3-c403-47d4-809a-2fd0d820cef3,63,1555,2017-11-12 22:00:00.0,1b6be25e_93c1_4e70_b3ba_1e8efbcd9416
050a0860-d4cd-42c5-b40a-2a61f5e71eca,1,3564,2017-11-12 22:00:00.0,152d2c18_1986_4d6c_8f52_0b9e53edefe9
05b57b1f-2bf0-4381-a9ce-eb0f098dbc5e,40,53,2017-11-12 22:00:00.0,94b017d7_4a6e_4db1_903e_4c2615f8fd29
0b0da942-dd7f-4529-8708-ba817f04ed9f,90,950,2017-11-12 22:00:00.0,f1bde580_6369_4cfb_a50e_3a939c8d4272
0bfd057a-583d-411f-b821-c57702be9593,1,2936,2017-11-12 22:00:00.0,aee0c2c4_d40d_4fa3_9623_5c8e90002f25
0e79f9ec-49bd-4773-9163-4b7cd0ac22bf,96,2593,2017-11-12 22:00:00.0,1a20e674_6f13_43b6_8aa8_8d0442a99baa
0f9f3df3-c3e0-4e1b-8941-e7bf7a463a0b,26,1955,2017-11-12 22:00:00.0,b6bf6c65_64ca_4bb2_a9df_1bc01ee82713
0fba2d0a-9b7b-4e07-bcd6-2f6c2e8bdc1f,42,2001,2017-11-12 22:00:00.0,6c9ee92e_704a_469f_a3c1_5f9a893db923
1208e50b-515d-4ed4-aa8c-b5fdf147febe,65,2571,2017-11-12 22:00:00.0,38720d0d_524a_4781_9663_1eca0f1d8526
14ff51bf-e8b0-42cc-87bc-e234982d5d42,7,960,2017-11-12 22:00:00.0,f0183ecf_5681_4eef_ac6d_ac7280d32f29
1540d21d-93a1-4d0e-94b4-bd3f639be57f,71,1414,2017-11-12 22:00:00.0,4a7f2195_1234_49b5_8956_0b17e4607e1f
16f53745-801e-4d6c-890b-637be5f249f6,4,1096,2017-11-12 22:00:00.0,fa09bba3_f8b6_4fe8_8f20_2bec2335e707
172c0f6c-5830-45c2-be44-bde4e30ef664,68,2298,2017-11-12 22:00:00.0,a8b2447e_e117_4456_b00e_9b978ca90300
17729ae8-91c0-4547-b7f1-721f4e17324a,4,2958,2017-11-12 22:00:00.0,a8c43027_9e2c_4621_9e14_fea710fcfd54
1791b046-6530-471c-8baa-dc1aa5db1145,19,959,2017-11-12 22:00:00.0,726b5407_1892_44fb_a6b0_fa9b453aa253
17fa7e26-7292-4771-8ac6-d425b42fc12a,4,574,2017-11-12 22:00:00.0,95c967b8_88b4_41b5_8a44_699c3d48e913
19a84ffc-33fd-41ab-aba4-eb0367cb5387,80,3171,2017-11-12 22:00:00.0,7eef0131_8379_4aa4_949e_928d456564f8
1d2bdcb5-6181-46a0-b122-b322b964a35c,6,849,2017-11-12 22:00:00.0,9c7b6d00_ca9c_4323_946c_58785c315474
1d3d1337-a303-41a2-8e9b-cdebc5c9185e,11,694,2017-11-12 22:00:00.0,033163f2_f730_409a_bc2a_c00cd6e31fae
1e971b1c-b2df-4fa9-9d2a-e3056bfdac70,16,2852,2017-11-12 22:00:00.0,4969e324_f4d5_4052_a7e4_823242d4401e
1f5f7a2e-982a-43ce-b5d7-200a53ebc786,96,1378,2017-11-12 22:00:00.0,cc9f9f15_c9bd_41b3_b25a_1df19de25396
1f630a57-291d-47b0-af7a-8dbd68f26eb9,7,150,2017-11-12 22:00:00.0,a15d8252_0769_4ce1_9898_7c912232267d
1f64698f-8483-43e1-b5bf-3b028100b2b8,95,3021,2017-11-12 22:00:00.0,07daf532_3e51_40d1_9418_78d722ee4abe
1f8bdbc7-d1ed-403c-bb23-fb45a1c451fa,8,2224,2017-11-12 22:00:00.0,13edb542_3b33_4a8b_a9ba_e7e64530dd27
1fe170a3-15d2-44e7-b978-65fe9cb44d8b,1,261,2017-11-12 22:00:00.0,87eb8cca_ebb0_4994_b5a7_4dc068d56c1a
22020bf6-859b-4a01-bf35-d0d475d24ce9,75,502,2017-11-12 22:00:00.0,e9679a6c_89d5_4ff9_a695_fa9ce1be1a3e
24afa730-af37-4c7d-ab0f-4e76dd239c6f,61,1147,2017-11-12 22:00:00.0,f405e0f8_87e6_48a7_9059_96cd1e02cf3a
274a26da-887d-440f-9db5-4339a328c8c5,16,223,2017-11-12 22:00:00.0,390364ad_ed27_4288_9f3a_837aab01b7bd
275ec9c0-46d6-4e90-9a18-04a1bc77d75b,90,78,2017-11-12 22:00:00.0,9d94490a_0c38_4722_9fe4_8ec1b3b39f8a
29481d57-2e67-4e8d-ad29-09514f493211,35,1647,2017-11-12 22:00:00.0,023b3172_92a5_4a93_8d19_8d5da9e95a4e
2b18770b-f8a0-4a15-83d2-deb8738b39a2,82,3035,2017-11-12 22:00:00.0,64523ee1_2c23_4616_8326_929c8364f27a
2bc21c82-a552-4717-b258-720dfd585002,45,3160,2017-11-12 22:00:00.0,58ce5745_b534_4787_9ce4_0d924b06fa20
2d52ccd3-2858-4c76-bad8-76fb3d3aa267,61,1660,2017-11-12 22:00:00.0,feb6144b_287c_4f88_bc7e_710f330fbd1b
310340bd-01f7-473f-a23c-2a52fdd75082,57,2867,2017-11-12 22:00:00.0,0c9569f4_27b3_42e3_8d69_746d5af4fbb1
322432e8-6c19-47eb-818b-e5ba9114f928,32,2308,2017-11-12 22:00:00.0,3041420d_9505_4c7b_8985_e0d2ad8a6f92
32a1d958-0041-4fa9-a027-a08c1a04937d,51,601,2017-11-12 22:00:00.0,2e71c165_49f0_4d41_8f9d_b0aa00822c59
341121db-77ab-4a6a-8953-0066c78ade65,85,1597,2017-11-12 22:00:00.0,6a48f511_ecfc_4703_8db8_56a3d7babb74
34c52d43-daeb-4507-9112-be2d593bbc1b,80,1409,2017-11-12 22:00:00.0,0c4f5fd6_e77e_40fe_932e_8b0bcdde2f79
37543cd3-15e8-47b2-86ff-8254c2084880,23,2909,2017-11-12 22:00:00.0,1e296a77_9b89_42f0_8c41_4a45fe392829
396891f2-f5af-4083-8a51-d305bea94938,35,3184,2017-11-12 22:00:00.0,3451cb12_fb5b_46c5_8e52_b689555d00ed
39dbcda0-fbdc-4507-b569-ca29fb00ba20,78,2453,2017-11-12 22:00:00.0,86bbd8eb_4590_449c_b2fa_aa38f0b25fd6
3a44b535-b901-44aa-ac43-691d72105e73,6,1431,2017-11-12 22:00:00.0,803f2e2d_373e_421d_8584_1bd32e520302
3b2bc9c1-f904-454a-8521-9b1911576249,24,3561,2017-11-12 22:00:00.0,9391c70c_57c3_41de_a7c5_0e0ac30ea1d0
3b7c970b-3196-4db1-aed8-3b665967c4ec,18,3191,2017-11-12 22:00:00.0,5153e58e_3103_47a1_aa17_e10592311345
3bc0ddb0-b6bb-4ca7-9e32-3ff9a6d02cf2,56,3090,2017-11-12 22:00:00.0,57aefb69_b058_49cd_9768_4f82c1a84f5d
3e7cd41e-5bea-477d-91c3-51920f5c90b5,63,2227,2017-11-12 22:00:00.0,e586961c_6822_4cee_b0f6_b7c29477f5df
3f41b8df-100a-463e-adae-9b09ebb14b0c,58,22,2017-11-12 22:00:00.0,892cd039_64b5_48a5_819f_387dbfd5d49a
40bd5cda-4e66-4c22-a3c5-1851f9aeae00,80,3045,2017-11-12 22:00:00.0,9a0a36a7_d4b3_4ed3_bcd3_5c192a72d83a
41be2c03-838e-491a-a19a-6ad6d4f1c726,29,359,2017-11-12 22:00:00.0,9f7f7289_2e97_440d_8334_323fc1831ccb
4473c428-0d75-486b-a093-74771b5ed95a,57,3527,2017-11-12 22:00:00.0,6ba113f0_c1c1_44cb_95d2_bd45255a0dc3
4508737a-16a8-4689-8a23-9d12a1bf9bc0,42,1636,2017-11-12 22:00:00.0,9bf0b5a6_7097_4714_b797_270a87fd0b6a
462e06d2-d28b-48e6-9adc-28d29048684d,81,3042,2017-11-12 22:00:00.0,eb0fc7d9_13bf_4f06_a8e2_68b8a5e390e4
47b2024a-e36d-4f0c-bfe8-cbde7c0c50f8,92,1765,2017-11-12 22:00:00.0,e27243cd_7b02_46c5_a6bc_1b143ef36366
48a5e22b-5790-4e5e-b2a6-74575f29f811,27,587,2017-11-12 22:00:00.0,665793ef_9b21_4d08_be58_ce4abc0ddfa5
48d635c2-0a6a-4906-b616-589d80ab126c,49,1864,2017-11-12 22:00:00.0,660d6ec8_090b_4bce_aa56_f8b60db73318
4904ebd6-43a3-4db6-9050-1c6baba487e3,11,381,2017-11-12 22:00:00.0,f50aa3c6_1e6d_48b8_ae68_5462e6cd84fe
4b006132-8d9f-45e7-a973-c870f792a64a,50,3345,2017-11-12 22:00:00.0,c558fba2_e406_4129_a7b3_e058712fea40
4c863699-883f-4bbf-8b46-31c0a1142595,42,3236,2017-11-12 22:00:00.0,1ffa5e94_3821_4292_bb87_a68d2ad3a881
4ecea1ef-5ddd-48fc-82d9-fa2119d529c4,39,1155,2017-11-12 22:00:00.0,eb79546b_b4ae_46ed_96fc_759b0d591556
4ee601ae-5a3c-486f-92de-ee35fe6d60e1,90,309,2017-11-12 22:00:00.0,f26575e6_449a_46e9_bf93_ec7d25bc6ee4
4efdcad6-f2fc-42a9-a6bc-82bedc3579f8,50,1600,2017-11-12 22:00:00.0,4f7dbca0_6973_44c0_8e90_fc5e89fee54c
4f99fb1b-2deb-452b-bbbe-d5633db4e3f7,60,1044,2017-11-12 22:00:00.0,a617f1f9_992d_44b0_9aab_b5308c545c85
50baf35b-0b08-4efd-b2c4-a1a0f1087907,52,727,2017-11-12 22:00:00.0,6f58ae1a_10a1_42f8_bbf2_be5254e771ff
51948ba0-e7a3-4e32-a35b-d478146e609c,97,1077,2017-11-12 22:00:00.0,6b0a9848_db88_4cd0_ab93_9b691e01cf80
52db80f7-9200-4cc3-bcfb-85caeada6e5c,15,854,2017-11-12 22:00:00.0,0c287535_46b9_4f8d_9849_317fa515aa49
551c6043-c92d-4bc5-a2ff-fb9a565c824d,60,2357,2017-11-12 22:00:00.0,ad0c32a0_e6ec_4e03_947b_f3b39a128354
5544a4fb-2409-40b6-9ddd-ca9b458138f3,29,3278,2017-11-12 22:00:00.0,f5db9939_9e3a_49b9_a188_40ffe8c4d3a5
55ff090c-ae04-48a7-9450-b79173aabf17,32,290,2017-11-12 22:00:00.0,bb23b2a3_c071_4766_a507_399ffc70a2da
57e891c1-e53d-49dc-a8ca-3a5724e5a685,92,318,2017-11-12 22:00:00.0,90476000_4187_4068_93d1_945ae14ffe31
5836aee9-3041-4553-9c99-4521d21b6350,48,2619,2017-11-12 22:00:00.0,76643cac_3995_42a8_b646_8290d8782963
593ef4d9-ff6d-462a-92ee-2c7775584032,50,2525,2017-11-12 22:00:00.0,aac97407_8fca_44b2_aa12_9890a66be667
5ada2ef5-8332-45ed-ace9-781140122c93,76,323,2017-11-12 22:00:00.0,44f808f6_7ecd_4fd0_9377_54580614d86a
5b8fdea5-d542-463a-81c1-02912b978f02,77,1597,2017-11-12 22:00:00.0,0551d929_f16a_488f_acc0_d079e464b8f9
5cf117c1-2170-4f2f-a51f-308f27474cbc,48,1597,2017-11-12 22:00:00.0,b4551f47_324f_465d_865b_8784634d896a
5dfd9b4f-073e-49c8-948a-5f838ec3505f,7,794,2017-11-12 22:00:00.0,dd64cd63_a5f4_486f_ba85_ff55c40dc764
60ad411c-328d-4da6-889a-fb6b9b34d7bb,97,2942,2017-11-12 22:00:00.0,wemo_06
60d7dc89-f1d5-4338-8517-063e8bcb7368,2,1567,2017-11-12 22:00:00.0,a21d4b44_aa31_42e7_a45d_c54681edaf40
62431822-4b7d-49d3-9534-e2c164255700,70,1062,2017-11-12 22:00:00.0,184e05e2_40f6_428a_8194_d337cbbf637a
6270718e-ad8f-4504-a872-b7779f3ac825,29,535,2017-11-12 22:00:00.0,382ad480_9383_4c98_b984_85387641ad95
63adff5a-148e-43c3-b75e-bcf247b22ada,29,2380,2017-11-12 22:00:00.0,dc00367a_a778_45ee_b17d_a326dbd7df0c
65832603-1fc0-4714-98a2-7d5848027e2c,9,887,2017-11-12 22:00:00.0,71a2caba_fee3_42e0_a0f9_083cf562a350
665b41a6-fb7b-474c-9fac-a3e8803ca763,3,1706,2017-11-12 22:00:00.0,984f7e09_d6e9_4c84_bc77_4ef53165d623
66ab63f6-65c3-4cad-8afc-4619d935fccc,12,3172,2017-11-12 22:00:00.0,abd44f39_e20a_4d42_a936_a1df2f1067b0
678748dd-0fce-4508-95ba-9daece875311,49,1204,2017-11-12 22:00:00.0,779c2a23_75c2_4583_ae21_46720d22303d
69a31614-2d14-438e-9e72-0a9a0fb8c67a,85,1772,2017-11-12 22:00:00.0,3487f095_3caf_4e35_9457_a64079735ec0
6b46d040-c33c-4755-9eed-141ed5fffddb,34,3296,2017-11-12 22:00:00.0,2da43057_7058_4c2f_abc5_3d1390261862
6d58e55a-3f05-4245-9341-eeeb024fdb8c,13,1841,2017-11-12 22:00:00.0,ef15eee3_6c77_4a61_a0ef_a22efd2af261
6d8d7035-d71b-4651-aa48-27023df4c008,74,430,2017-11-12 22:00:00.0,c8065e3b_61b3_4db7_b7e1_8593e8ee4a76
6f39048c-091c-44ea-a370-e19c45a69b78,42,1411,2017-11-12 22:00:00.0,a442cca8_6507_47eb_835a_47343f661615
6fbcf97a-f02c-4148-a86f-b0794cc879cd,88,952,2017-11-12 22:00:00.0,c2d3cbd7_7a12_4d73_b69c_e898fe31d2bc
74143588-b0f5-45ca-897c-c8642d22bc75,74,1206,2017-11-12 22:00:00.0,30f455d7_2174_4d12_96a6_770570ef25bc
764e82c4-871c-422c-bfd1-2d003b7d8dea,13,1119,2017-11-12 22:00:00.0,bef89638_cad5_4d8b_83b9_6d94a104e34b
76a81f1f-294c-4130-81c2-0f4267a78cfe,91,2522,2017-11-12 22:00:00.0,ad0be531_8d34_443e_ba97_23d8b9e1b805
796535a5-0702-41be-89f4-96ec108bc613,31,2005,2017-11-12 22:00:00.0,24d71337_a9ee_4e0a_9a4d_bf45a0c086c0
7a2d7dd3-3109-439a-a32f-4252bcbf11be,43,792,2017-11-12 22:00:00.0,c74600fe_f850_4061_941e_0c44eab937df
7a39e2c8-f75c-42a1-8e45-ed86187fe694,86,1238,2017-11-12 22:00:00.0,c0662617_85fa_4ad7_ae0c_49dc032b2748
7e4cb792-9fae-41f8-8ba6-46eb321421a5,53,55,2017-11-12 22:00:00.0,46e8d2e6_0ddf_4590_b35f_fbc93115e495
7f795a39-e1db-4ada-b634-f4253cf830cb,18,2994,2017-11-12 22:00:00.0,cf1bb6dd_6e83_4a54_b92a_7e114c459259
8013c94d-2cc0-4b4c-b4ee-daf7072721c3,100,521,2017-11-12 22:00:00.0,f8be40df_54d4_40ab_b69f_3960e62e8001
80218264-565f-4cca-8d75-76f9c8da874b,9,2779,2017-11-12 22:00:00.0,4df8f76c_26d4_4f3f_93e7_0b9699386c01
82a68a28-b484-4fe6-a0bd-1745da2e288f,100,2042,2017-11-12 22:00:00.0,ed8914de_cbea_4177_8c56_2943cb08a37c
8413f7cb-8352-4645-a4df-3170208d849b,18,1718,2017-11-12 22:00:00.0,88ac4b93_6568_4f25_988e_95c9593522b9
852c5772-a7d0-4b08-881f-93b5bcea70fb,77,3161,2017-11-12 22:00:00.0,02f40ca8_4b5b_4785_965b_c3913c515fbf
85b61111-b8c5-430a-b768-1b557dd971e1,34,2298,2017-11-12 22:00:00.0,63013de2_1787_4963_85cb_7de9eb0eb230
86203023-6a3f-40b4-b39d-cf586bc0f422,99,2789,2017-11-12 22:00:00.0,2ec9cce5_8968_48d8_8baa_14c004b44755
8675062d-f7b1-4b0c-bc21-3fbcfd8ecaba,67,916,2017-11-12 22:00:00.0,a680b55b_a656_4d27_b5f2_baac2c19b33c
8958b20c-d42d-41f5-a1cb-798a0ed4fc8a,78,1012,2017-11-12 22:00:00.0,8e355aac_cd39_4648_8f41_62f3bd1cecd5
8a9ff7fb-b866-4e4b-9c0b-6068b788929e,85,1873,2017-11-12 22:00:00.0,018e4c86_9020_4e5e_aeaa_566ae232a080
8af62000-2c65-42d1-897c-619971d696ee,31,3104,2017-11-12 22:00:00.0,872bf2e6_8127_4697_9d69_637bef660c64
8b9d5cd7-7480-4a52-90c0-a2e3cd5b5c48,46,1914,2017-11-12 22:00:00.0,4e3fcae8_39ed_4e22_bc9c_6768fd5ae32b
8c0ef082-e181-444e-b9dd-c6d89eeb78eb,88,2148,2017-11-12 22:00:00.0,c8899a8a_09ee_420d_8882_7b7ff4413495
8d889e7b-14e0-4f5c-84e9-53681bf79a1b,61,1561,2017-11-12 22:00:00.0,68874432_9db5_4784_b11d_3f910ce897f4
8f302ef0-58ea-4d51-9cbb-74befb815985,60,2819,2017-11-12 22:00:00.0,1f907ee7_98ff_4080_a1eb_bdbd6a031887
8f4eaf23-9dae-481f-9002-47acfb6158f7,5,2340,2017-11-12 22:00:00.0,8bcfccb3_a7cd_41c6_b644_b267d640f01f
91f169d5-f140-4ad0-9d1b-486b2fe32852,72,2635,2017-11-12 22:00:00.0,d8face06_7ce6_403c_a4fb_1511b83d60d8
92ca20e4-70da-4774-8c6e-3405f6f4562c,90,3011,2017-11-12 22:00:00.0,314bc993_1f1a_484c_84bf_c675bd3f7a79
932e4b34-0767-4108-bacd-84a95e328c9f,90,2771,2017-11-12 22:00:00.0,2eb74c1e_08e7_44ee_b4c6_da74166fbddd
93646f8a-2504-426d-ae57-b98f47786efb,29,2628,2017-11-12 22:00:00.0,ce62bc46_1f00_46ad_94d8_979c343314e1
93c01039-5077-4e04-a793-49df8e40e3f0,21,226,2017-11-12 22:00:00.0,8f8c4a6e_2407_4d52_a5c3_219e7911343c
9468b283-9bf8-4ebe-a0ed-2a1dbb371458,24,874,2017-11-12 22:00:00.0,c57ba1b8_39a4_48b1_89c5_8641ccbeb7e5
95e5a3e8-3f1c-470e-a498-52a9bd554c5b,58,913,2017-11-12 22:00:00.0,e3f7f1b5_5c98_4d34_b784_8e97d9a84671
98b564d0-0869-45e3-b2fa-d773fb1dd7af,25,3544,2017-11-12 22:00:00.0,b550951a_addd_4702_9816_d57e2f027d55
9a54da53-d21a-47a2-8c8c-d905954465be,72,2689,2017-11-12 22:00:00.0,a4a7b87c_f803_46f9_906b_a4c1abbae453
9b2f593f-6b09-41de-8919-5cec8e76a274,83,1582,2017-11-12 22:00:00.0,c3a2583e_525d_4d8e_89fa_3354957478d1
9bc73421-7bd7-4a25-828b-1db8bb66e49a,58,1040,2017-11-12 22:00:00.0,8e971e76_6044_4901_811b_4da0ef07181a
9ce2951d-9d4a-4343-b911-1f0346b0f98a,38,1470,2017-11-12 22:00:00.0,831bfe0f_ae31_4fcf_a623_c8f2856c4376
9d22768b-4ecd-475b-ac39-8652c058c9bd,25,1100,2017-11-12 22:00:00.0,1447a394_dae2_49d2_bdd9_be55c1686838
9e1eb557-ca44-4d28-8d02-01d5520cfe09,80,1000,2017-11-12 22:00:00.0,e5b30211_58f4_4868_a14a_ee07f7990ca9
9e4d3c3f-d169-4909-a282-bf357655b0c4,40,3121,2017-11-12 22:00:00.0,5bb37f41_30ec_4b2a_b6b3_6321416fd9d6
9f8c854d-c361-48c4-884c-7891473760bd,50,723,2017-11-12 22:00:00.0,8df7ee25_1620_4fa4_8be5_bec239919086
a047dece-fc6a-4bab-b37a-7ae5a49b1c9a,74,3548,2017-11-12 22:00:00.0,cb9e2d34_8507_4703_b8c4_50c37bc901a9
a3091444-1f7a-42a3-9722-5df3394f65df,58,878,2017-11-12 22:00:00.0,08f4c50a_d34d_401b_a20b_b08c062e5732
a3108ef0-8221-40f0-ac64-2b9af4c5d58c,22,2776,2017-11-12 22:00:00.0,d882b634_fd59_452d_947c_8dc3936ae5cc
a46b38ff-5696-4628-bcf9-b2b41692ccf4,39,3057,2017-11-12 22:00:00.0,fd4e51b5_78cd_4cea_89a8_37af39635add
a4df6d82-a27f-47a1-90eb-921bf270e3be,69,2843,2017-11-12 22:00:00.0,3c00237c_249b_4d0c_8292_fa12337a3201
a8529d85-913c-4d16-9d54-d55eac97560f,12,3504,2017-11-12 22:00:00.0,348ea72a_ef90_4821_af50_59e30fee0109
a978adaa-9115-4666-ab83-1b652bdc6e00,43,3240,2017-11-12 22:00:00.0,5a541ee5_b9ae_4185_8c49_da9fce01f50f
a9d858c7-b926-4044-a70b-0dc3d3ef77ce,38,2314,2017-11-12 22:00:00.0,ef45c6a5_1389_41ec_92ba_21c5f6396bd9
aad91786-8232-4a96-a3c9-cab8d98ecf43,4,3509,2017-11-12 22:00:00.0,37f0e1fe_7cdb_4cfb_b5a6_5936a0f2f149
abcd6a37-8dc0-409b-8c63-4cbc5744ef98,55,2004,2017-11-12 22:00:00.0,db5653ce_e047_4244_99cc_3cd4f2a5ff6e
afb1a94f-9789-4d55-80e1-3356e3686ae7,34,1940,2017-11-12 22:00:00.0,36c85335_748e_4c48_ace9_8e640324ce4f
afe0a0d6-ceac-4986-ae2f-865161b28bb2,54,2654,2017-11-12 22:00:00.0,c8c320e5_ad08_4dce_bab2_a34ebf003699
b0b1c2bb-21af-455f-9a61-40725f29f249,93,2864,2017-11-12 22:00:00.0,5355b4ff_55ec_4e50_b63c_21248eca11de
b0e5533a-0382-4e9a-a6ce-7f39a3681b7a,6,116,2017-11-12 22:00:00.0,d0ce91ad_bb05_407d_9b61_17bc36d675bb
b2c73882-3419-42cb-9b15-fc8c32e4a6ae,44,1108,2017-11-12 22:00:00.0,2515115b_e747_4b73_adb6_c824b0f9ea4f
b32cc77f-0a34-45b9-a6e7-e938b97c3560,47,3415,2017-11-12 22:00:00.0,e5383b74_52c1_4eef_8d9c_4ed206a014fe
b46878c8-1409-44dd-8efa-0b0ef774fd96,22,2637,2017-11-12 22:00:00.0,ec0a71bf_b000_4afd_a496_7420c995e720
b6626fd2-4e56-4c47-9faf-ab56caf0bcd0,93,2554,2017-11-12 22:00:00.0,64158d37_2ef8_4a76_87a8_205ac5b69767
b7f1555a-5dc7-4142-91c4-9798eee90e54,29,1943,2017-11-12 22:00:00.0,3c321015_4772_40c0_8be5_6b01ec64576f
bf06c2f3-5649-47e2-883a-bdd5c56529fb,37,3274,2017-11-12 22:00:00.0,88e1a580_13c2_4048_9c2e_83ad81a2ccf0
c0072590-c645-43bd-852c-11f25b551e7f,55,250,2017-11-12 22:00:00.0,017570a5_88ed_4072_9c32_ed6d53d6a8f3
c1e24e22-133f-4d57-8176-7b504317fc16,62,2733,2017-11-12 22:00:00.0,e012ebfe_1c2f_40f4_a456_876cb119f5c6
c2459ed8-6a2f-4127-917f-8925d83986cf,89,268,2017-11-12 22:00:00.0,c03f3951_b48b_4311_92e0_7ee56bb696d3
c5e4a766-ac6d-4c15-bfb2-a1394251c531,12,2409,2017-11-12 22:00:00.0,79c058ed_5c03_411c_8657_760ccc73d2eb
c73a455f-3b96-4a12-9e94-54d4c030f1a8,91,3265,2017-11-12 22:00:00.0,79b0b345_3aca_497a_a9d0_5dcdf21c5f55
c7d31b27-6f1f-4df1-a602-b25f7294edf5,83,535,2017-11-12 22:00:00.0,9109622a_5855_41c6_8d5d_32bb7cd54d08
c8dba819-5ff6-46b2-babc-1c7455b9ec2e,73,129,2017-11-12 22:00:00.0,995324e5_786c_43c5_b5a7_2aa5235fd08b
caa27879-d069-4bf4-ba0a-5391ab923ad3,14,1057,2017-11-12 22:00:00.0,e8cebb81_8f75_4d2e_9340_802953405c75
cc5fa016-c916-46b2-9829-043f53d07758,50,755,2017-11-12 22:00:00.0,905a655d_17ef_42cb_827f_e28aa455e370
ce3b394c-2104-47bb-b356-be14f45e0424,41,660,2017-11-12 22:00:00.0,e22ec2f0_5810_4a2b_9c89_b6f5550e6314
ce90f62c-96b7-4d78-91b9-30fbeaf1a481,35,324,2017-11-12 22:00:00.0,ed3d070d_f59b_4acc_8e38_9beec84f523c
ceb1202c-b769-4c73-8abe-239018a84697,59,2415,2017-11-12 22:00:00.0,fea60992_6e45_44cb_9786_9fbeefdb4fe0
cfed53ed-23a8-4888-b7df-6fe8724f15f8,57,1856,2017-11-12 22:00:00.0,86740472_f142_4f14_be82_3a47f89fcc47
d05943f7-3452-47af-9ea7-487d1af9154d,35,1075,2017-11-12 22:00:00.0,a43a1858_d524_4cf7_96ae_156118f2fbc0
d0726c57-6b9b-481b-b993-98cb60c8ee10,49,2167,2017-11-12 22:00:00.0,aa83b83a_3a2d_4bc0_a5c7_e79f565300d3
d1565cf3-5c76-40a2-89a8-f0380992f416,67,1581,2017-11-12 22:00:00.0,adf2bd86_2b23_4216_86bf_c51d24959f4d
d28aceac-03ee-4fe2-aff7-fe0a9ea82edf,32,233,2017-11-12 22:00:00.0,da4d7cba_1503_42bd_8835_af4dd5eabbfc
d2b5a535-54ab-46a8-8251-7ea6459c8136,2,275,2017-11-12 22:00:00.0,a1c8a1d3_0ba1_49b1_9372_79655c92686c
d351881d-f967-4c53-b5fe-09118442a300,98,665,2017-11-12 22:00:00.0,a3185c5d_5f3a_4273_8b8a_d0e70a94c3c0
d57ed4fd-11e0-430c-ab92-c9a6757f0722,30,1672,2017-11-12 22:00:00.0,d399e5ef_6310_4149_b3d4_52495fbdae40
d78c16a7-1173-4dd8-b52b-98a6420cb1ae,77,2260,2017-11-12 22:00:00.0,f55f8d78_4925_4dab_b034_cbe609f6ae19
d83bd084-e3ea-4f00-8fa6-32df4e31fe1f,58,1355,2017-11-12 22:00:00.0,cfd403a3_7948_4603_b70d_85667d106f5f
da231848-4ac5-48f3-a5ef-140b79b098d4,71,2356,2017-11-12 22:00:00.0,d9ad4694_b23e_4196_af27_7dd800348ff5
dc5a3c48-7733-4da8-9a81-1852977a7ff0,2,1347,2017-11-12 22:00:00.0,eec6728d_416b_4660_854f_7f6b8f74dc7d
df56b599-a8b6-47a3-a3f0-9c8314a58f03,15,1489,2017-11-12 22:00:00.0,5dac83c1_c786_49db_9015_3bc04a633bab
dfa0ed06-c0c7-4c63-98e2-9c221efaf3e3,60,2833,2017-11-12 22:00:00.0,ef9dc418_cd99_4481_a804_fa9f948cfa5b
e0aec8ce-be81-4db2-9176-cca42790a384,60,2247,2017-11-12 22:00:00.0,06af9cdb_dcfb_413f_bc98_56f91ca2fc18
e23d11b1-1057-40c5-b387-9b7a7eb79023,38,2734,2017-11-12 22:00:00.0,b1e082fd_b168_4b25_b53f_9cd481ddf3d9
e47696e9-9356-41c6-8933-769ed4299158,6,2826,2017-11-12 22:00:00.0,ec507dde_601d_4db5_b164_aa88a1bafa0c
e610d59e-4ded-41a0-a01c-60f60a9f6062,62,3047,2017-11-12 22:00:00.0,64f5d94d_d1b1_471f_8f90_77b81651a8c3
e636e709-3743-4bb9-8f1c-14afe8e048ed,57,2322,2017-11-12 22:00:00.0,fd19e770_191f_46bd_91b4_1631e595dafc
eae2bbe5-e34b-48b8-a51e-b90025e1f23e,84,1841,2017-11-12 22:00:00.0,62b57f57_31ba_4701_bd6d_c9ee5933ba0a
eae77ce3-cb02-4848-ae83-28ef0d62ffaf,19,432,2017-11-12 22:00:00.0,d790867f_3fda_422e_a2b2_1ee59e7a7bcb
eaf485a2-c6d3-4ba4-8375-ce395fe66c41,32,3029,2017-11-12 22:00:00.0,c518a2f0_b7e4_4666_907b_d20f777a5f14
ecaa76a0-612c-4bcc-b7f0-f4c8bbd77329,67,2612,2017-11-12 22:00:00.0,c5a1f238_e0d5_421e_a0c0_19d90d766723
eccdf457-e135-4c03-a852-f166f4798efa,49,2879,2017-11-12 22:00:00.0,3d0500c8_4f16_459b_b77c_488b289ae7b7
ed23ef13-badc-4e4b-8bfd-2a760129cb62,51,2753,2017-11-12 22:00:00.0,507dc01c_d031_452f_978d_211572b026dd
eed30c5c-a308-4217-932d-cf758a846ded,95,762,2017-11-12 22:00:00.0,a1dfc1ca_2a64_4509_b6a0_2140bcdde134
f072932c-0398-4498-9f1e-55dd0db8c7fd,61,2629,2017-11-12 22:00:00.0,50be83ec_b616_451e_a983_bbe13a1c86ff
f1aa339a-f7e3-4139-a885-905c314d325a,53,3417,2017-11-12 22:00:00.0,63077e0f_5374_4f65_a138_5a02d997d448
f686064b-00c1-4d7d-acdf-1036528228ad,75,145,2017-11-12 22:00:00.0,4097db79_72ff_44ee_a063_5b9560b163f8
f9967241-79e1-4576-8f59-88d6b0a6b3f2,97,2733,2017-11-12 22:00:00.0,45a15ae0_9a56_494b_83ba_506fc9127720
fa88788c-ff45-466a-b5ed-a0de290b0d4f,55,817,2017-11-12 22:00:00.0,50f993af_1913_46fb_b5ac_1eebbbfe48c3
faff3529-721a-4912-ac9d-22e8cf57f140,85,2130,2017-11-12 22:00:00.0,746db819_19ab_4d03_9b39_1447c8210636
fd738791-97e8-4592-837d-36509deacfc7,35,2674,2017-11-12 22:00:00.0,4e5b24d9_e99f_47c1_9024_82b29ec3c1b3
fec82e1c-564c-48c2-9fba-a4d404550928,21,3079,2017-11-12 22:00:00.0,678677df_54a2_42a8_99ab_fca2d7705e9c
feccb4c3-2fd4-4666-bca8-968e7526d9ad,47,1158,2017-11-12 22:00:00.0,4425a35d_4afa_4f78_826a_6c2bd283d7a8
ff7a4d9a-efdf-45b2-bf96-44ac3465ed4a,51,2543,2017-11-12 22:00:00.0,54c124f1_a49c_4ca6_ad17_b0c78ebf8ae3
ff912142-8964-4722-827d-8f94f11c8690,66,2788,2017-11-12 22:00:00.0,2e6172f2_25d2_4984_9323_70a36a9df89f
00003884-4544-4d1f-8fbe-9b2068270aef,13,3426,2017-11-12 22:02:00.0,fd8ea452_8540_4352_ac55_77c478be3a12
02792efc-be9b-4bbe-96e5-3fe7d2497537,54,1144,2017-11-12 22:02:00.0,185baf2b_95ee_4a19_93b8_533756035d4f
0296017b-718c-412c-af62-72460a2ea05e,49,902,2017-11-12 22:02:00.0,b0b1f4a3_4095_4725_ad76_d8cb616992ff
03171bdc-d3c0-4b19-b999-0b8647a2beb9,6,427,2017-11-12 22:02:00.0,e6f3d961_f6ab_44b6_bd95_d180ca151766
04894602-b477-49ac-9ace-eb5bc4aee040,4,2264,2017-11-12 22:02:00.0,edbfbb1b_3347_4fa8_a893_3a3e4d9b4be3
04fc44b2-01a7-4253-838c-c0ea4f63dcc4,75,615,2017-11-12 22:02:00.0,b9cf9f52_e0d6_415b_8977_265f568adf77
07ab70f1-b771-4ec1-b722-88124e68abb5,88,3105,2017-11-12 22:02:00.0,cdfe4707_469a_4cd2_8838_8e2869c805c5
090cd7a1-2b4e-40fb-9e01-afb574eb96ed,34,246,2017-11-12 22:02:00.0,646e468c_e42f_4c3c_87a6_46c568c44642
09fbc6b5-0190-437c-932a-37d50d31473c,47,2936,2017-11-12 22:02:00.0,6e9cf49a_b880_4ac3_bfe7_3c7342ede310
0aad5217-a50d-4b41-85fb-26ca7dc13d72,66,278,2017-11-12 22:02:00.0,7b06b64c_cda3_4227_a1c4_23169c1181e4
0b0233be-77c1-43a7-bcba-e8283936432d,3,791,2017-11-12 22:02:00.0,e914a2f0_6152_45b1_8ac7_dc967abed99f
0bf41c62-87b0-4eee-b1ee-c6b1922fcc37,100,2705,2017-11-12 22:02:00.0,dfdc1010_a2ab_4657_89d4_e38c0e3b7f3e
10c0f2ff-a1dd-4da0-9682-abdd5251916a,6,1972,2017-11-12 22:02:00.0,c3a2583e_525d_4d8e_89fa_3354957478d1
10f6c5ff-c198-4ad9-9b72-ce299881eb74,57,2543,2017-11-12 22:02:00.0,2c24abb7_a535_4016_ab5c_f85c037b972a
1130171b-cc31-4dfa-8afa-a513c498eef6,43,2467,2017-11-12 22:02:00.0,436920b9_5c46_476c_8afe_02ee04772c4e
119f8095-22c3-42c5-a581-ce56bebe88f3,4,2448,2017-11-12 22:02:00.0,d11d45ae_851f_47e2_a662_26781db4f248
1464606a-b58d-4879-a151-fb854fe0273e,74,2367,2017-11-12 22:02:00.0,a617f1f9_992d_44b0_9aab_b5308c545c85
149cf797-70cc-4c7d-8095-eedf09a6deb3,50,3408,2017-11-12 22:02:00.0,fafa37eb_c7fa_4b01_a81e_d9c14c971a2a
186e2a62-2ea6-4617-81e5-94a18e2da108,24,852,2017-11-12 22:02:00.0,a65d5f0b_be6a_4943_94fd_7b12d295f70d
190411d1-907c-4843-9efb-83096d6f2e7e,66,1102,2017-11-12 22:02:00.0,0368ebd3_6749_4c81_97da_f90cbee1edd8
1bb93fad-7ffb-4f90-a773-fd345336d9bc,22,2869,2017-11-12 22:02:00.0,9a0a36a7_d4b3_4ed3_bcd3_5c192a72d83a
1dfd980d-4f49-4e01-aa22-cd500c072f88,49,1379,2017-11-12 22:02:00.0,25584e89_3bf8_4ab8_b4ee_e3491cfac2b3
2095e0ba-87da-45f9-a63c-f1f101c7724a,70,1420,2017-11-12 22:02:00.0,aaa7e545_50eb_4e05_a82d_e13177ac0a4a
20b02393-8c4e-4342-b22a-0c7ee644d8c4,63,2037,2017-11-12 22:02:00.0,ccbb4042_f3bb_4aad_9879_5b2f2d71e08c
212352ac-b57f-4c49-974b-ccececbab4bb,29,1671,2017-11-12 22:02:00.0,a27d3298_6074_4188_a3ee_82de793f2636
22e0d4cd-d77a-433d-972a-eb8e296d3e7b,96,149,2017-11-12 22:02:00.0,6ac3213f_5d3b_423c_b93a_2dc51469f187
243d31d8-cb32-4cf6-8263-e30d29ec6bcc,82,2401,2017-11-12 22:02:00.0,87340b07_68fe_4f0e_9737_695f37fbab4b
24fd0c88-12ef-4414-b711-31488a555bf7,45,3242,2017-11-12 22:02:00.0,wemo_05
2594392a-82fa-42f9-8269-8282323f9c7b,6,967,2017-11-12 22:02:00.0,57857329_db02_4246_92f1_bbd2fb071174
2dc31a38-d778-43a4-a4e1-7db5081a4bd1,100,3366,2017-11-12 22:02:00.0,db84df1f_e710_45c6_afd1_cc3851ed22fe
2fc63db8-b055-4777-85dc-8337df1b98cc,69,539,2017-11-12 22:02:00.0,32861a4e_137a_4a74_bd30_360d004bb904
2ff8e80e-b997-4ace-9810-c657bc044748,94,2207,2017-11-12 22:02:00.0,8b28e5fb_e47a_4323_8c59_8765c01fdb13
3120d75b-fba7-4a3a-8b65-ca58fb0ec2a1,27,1160,2017-11-12 22:02:00.0,8f4fe046_d51f_4823_8445_5997bdd8729e
324a31e9-966a-4968-af97-56199d1dba18,5,2080,2017-11-12 22:02:00.0,96103d9e_bd33_4f32_b038_883bd5759364
32695eb0-afae-45e9-bd15-e5b8ee8a2344,37,1204,2017-11-12 22:02:00.0,c465cc3c_4328_41b8_8d34_718ddacd9ea6
334e74ed-f210-4fe6-ac3f-e41f95ab7042,57,3483,2017-11-12 22:02:00.0,c74600fe_f850_4061_941e_0c44eab937df
34039749-e575-4498-b8af-8fb48266f9f4,87,3237,2017-11-12 22:02:00.0,3366140f_2950_43da_a6d6_90bd82b69f13
366a8f76-0fc9-4981-a6bf-2f1b5c5574bb,13,1117,2017-11-12 22:02:00.0,38a76526_8da7_43d7_9f4d_8d18a21d064d
3940533b-24e3-4340-8685-f52e92cdf86b,45,2925,2017-11-12 22:02:00.0,e6752d15_ea9f_4ec5_b7bb_2f09c0b527c9
39c1fdc3-d507-4a98-8af9-175cfe9a91b3,1,1435,2017-11-12 22:02:00.0,01d37413_5d66_42e0_a968_917e3755cab2
3a76d774-f69e-4db1-9c53-2382cf1010ea,28,2117,2017-11-12 22:02:00.0,a8022ad0_eff1_470f_b607_85eba93dcfb8
3c6a678b-ffa1-4734-81e7-771c8fdbea14,7,2115,2017-11-12 22:02:00.0,f405e0f8_87e6_48a7_9059_96cd1e02cf3a
3c93f110-0f8e-4e8d-9dec-1b90471d90d7,62,391,2017-11-12 22:02:00.0,ce53f8b8_9186_4811_8d93_40352704e31f
3cb45cc1-5bd5-4e73-8078-df42759faac2,21,2195,2017-11-12 22:02:00.0,4cf95b92_00f1_4b9a_8f84_8fc62f231768
3cc14cca-1ddb-40e2-ad0f-303994f82c83,52,2677,2017-11-12 22:02:00.0,e0975a59_3ed0_4ee5_9a01_6c1cdfce5528
4146b08a-b54c-4a57-9038-3704c47b4932,70,3345,2017-11-12 22:02:00.0,5266a899_10f6_4fb0_bf85_b757517f037a
418b2fa0-c82d-407c-9285-0024fb730a26,79,2849,2017-11-12 22:02:00.0,244f8ae5_e994_418d_953a_b6791029a2ea
41a3ce91-0a07-403b-b8d0-776a056f91be,26,84,2017-11-12 22:02:00.0,0b0b69a3_649e_4c32_854a_b34a63a6fe4d
4280748a-3fe3-45ba-9509-612660f8afda,27,2538,2017-11-12 22:02:00.0,9578943d_d999_4977_8d0e_88bd0e3d9e57
42a4ad8e-44ae-4885-92f3-064380f22aa2,7,156,2017-11-12 22:02:00.0,17e40691_5bd6_48f5_af5b_e081a580e2b3
437bf20e-95dd-480b-9add-dd2db6fd6d20,60,3264,2017-11-12 22:02:00.0,ac32cc28_902d_4a37_ba71_b072c3cadfe7
45c0ff3a-f615-4b27-861a-104c6a66044e,52,3416,2017-11-12 22:02:00.0,f9eb8d47_0c93_41a1_9bcc_90adacbd0914
45fce1ce-f59f-40d2-a7e2-132aa6076e34,96,413,2017-11-12 22:02:00.0,4747e805_9675_4baa_8c34_a1dfc153d8fa
46ab6817-647f-4a0c-a6bf-5ec7e824c35b,50,2176,2017-11-12 22:02:00.0,5b0528a0_aabc_4821_8886_fbec2871a998
47a709fb-1473-468d-b628-528287bc3aac,21,1636,2017-11-12 22:02:00.0,17e5529e_c5a9_4703_aaf5_2c5a7ce6c314
49bf0f60-ed30-4d15-b2a3-8c939cb6b462,34,411,2017-11-12 22:02:00.0,64d78ad0_8a1b_44df_8df8_32cdc46ecbbd
4b207636-9e1d-40f3-9445-3f1600f34c69,76,835,2017-11-12 22:02:00.0,0017c233_f54c_4808_8586_ffe0de9908d5
4bc7a6a3-9b4d-4295-bfad-323cb8a6ae1a,80,2403,2017-11-12 22:02:00.0,498e2416_f0ce_46bf_b216_d1b513d7af4a
4d429732-ebaa-44f3-a4c8-c6e90dcdff68,68,525,2017-11-12 22:02:00.0,5cae29ef_7c92_4878_9110_703282904bb2
4e23b6b9-6cd7-4caa-a026-6a4b3dc7d343,56,2959,2017-11-12 22:02:00.0,77caa494_9d5d_423c_8cae_479e6272a004
4e36f0c3-c0d3-40d6-850e-c58298ce7e9e,57,3161,2017-11-12 22:02:00.0,f97559a5_cffd_4f40_8e75_6d755a548afc
4ebe4169-4a76-482f-ad05-494d9b3a4efe,81,2198,2017-11-12 22:02:00.0,5d29cead_46fd_4f07_97be_3fe2c7bd9608
4f5b6a84-2a5d-4ca5-b3a8-585f68f99cec,64,3531,2017-11-12 22:02:00.0,6f9e9a8e_d807_442c_abdc_c2135359f947
525d6377-5e8a-4041-b77d-4627b0c571c3,60,3594,2017-11-12 22:02:00.0,14b618e1_4aba_48dd_b4e6_7fa96f0ff0e2
5363ef9c-422c-4434-8a3a-8888e8e39848,23,2140,2017-11-12 22:02:00.0,2cffa35f_a74c_43ab_84e5_75d35bdb60b1
537e21f7-00fd-4525-815f-351b939a3485,69,18,2017-11-12 22:02:00.0,967cdaa0_81cc_453b_b79d_50555edccc81
538a6677-2315-4e0b-8870-9007f9caac4d,11,1900,2017-11-12 22:02:00.0,c5a1f238_e0d5_421e_a0c0_19d90d766723
550036de-1aa8-4211-b822-3ef21001c28e,35,101,2017-11-12 22:02:00.0,2da43057_7058_4c2f_abc5_3d1390261862
57263cef-5510-4592-b3d8-ab93c89a3524,55,3257,2017-11-12 22:02:00.0,ecf9e19e_4c79_49ad_a20a_63c2a29116e0
5813d53f-f572-40af-a5c7-dca5c006697e,38,1640,2017-11-12 22:02:00.0,c6c15232_66fb_4dc1_838c_66849f8a2a3f
59803008-5f7a-479a-9a84-b1c912be9a7f,57,1484,2017-11-12 22:02:00.0,e21851a4_0594_4d5a_b0e0_f1f96b5d9d10
5c07f250-2eaf-484f-957f-f687449ef683,98,1703,2017-11-12 22:02:00.0,a06d66ec_066a_49d4_97de_98e87b1e8e26
5c081185-8ef2-4ec4-bd54-a1cec7b429c7,52,1746,2017-11-12 22:02:00.0,81ee031a_6e8d_4a5c_b8fa_f23e9608e3c0
5e75eb06-329f-4046-acd4-2f86ef39c93d,44,956,2017-11-12 22:02:00.0,fbdd6198_5d24_45ec_9468_4b42e5a174d6
5fd1f4de-e38b-47cc-a37d-c4ad6836d4f4,30,209,2017-11-12 22:02:00.0,84e98119_d6b1_44a7_95be_59e19af499a2
5ff52edb-7c1c-47b1-a106-bce1ad3ea8c4,51,2771,2017-11-12 22:02:00.0,868136d4_471e_4e05_8206_2a066a8770e0
60485060-1282-4eba-bf54-7431cdbab84e,9,3129,2017-11-12 22:02:00.0,cd647b1b_e5d3_43cc_a2b7_ed9d823d6d0c
61e3f6c0-2eb1-494e-a548-618b2a26fbd9,60,2878,2017-11-12 22:02:00.0,574c45c5_6949_4efa_abec_1815a8bd1feb
62eb7467-38d7-4934-81d4-45deac5eddf7,3,914,2017-11-12 22:02:00.0,8ed08ee7_5cf0_4438_91d2_dc62181d582d
63310dfc-a78e-4428-9c27-ab5b52ddbad3,10,3182,2017-11-12 22:02:00.0,bcec89f9_3436_4f9a_902d_5e691e82b600
6373f6c2-d932-4f0d-bb73-c104295b0b6c,31,3010,2017-11-12 22:02:00.0,4379ff65_63bd_4e27_b478_31507344ca67
64cd7979-6cf8-423c-86b3-80f9f9a41101,89,2097,2017-11-12 22:02:00.0,cdb75ee2_ae91_43b4_a5f1_f0e8adc96f25
66e43f02-08d5-4e46-81ee-093a602cee42,43,996,2017-11-12 22:02:00.0,1ceb5f80_1bef_426f_b8b8_056560ca36ed
68c4462b-72ff-4af5-9f6f-000bf7857f38,33,3001,2017-11-12 22:02:00.0,865a2950_4201_443a_9399_fe156e739059
6c57fd4a-ab30-40ea-9a8d-c40ec0a1f583,74,807,2017-11-12 22:02:00.0,a90f8e8e_fadf_48f2_a99b_5ff5ba310ac6
6db7ac37-5d32-4996-b83d-2eb7c3926a19,93,539,2017-11-12 22:02:00.0,80034f2f_7dc6_45f2_a3cf_35dc8ff79d8d
6ef4a1f5-efee-454f-a05f-6f687b07adb5,36,467,2017-11-12 22:02:00.0,13e1d37a_6e5c_4b92_afcf_117174982b7b
6f2f45e8-d54f-44f2-be99-1839981b9d0b,29,1342,2017-11-12 22:02:00.0,720390b2_dfab_4766_9561_7acc22815060
7477799a-d5cf-4199-91d6-e822ad86dec3,96,971,2017-11-12 22:02:00.0,55eafae7_b5b6_4720_80ae_d94df696f999
76572695-dc6b-4a9d-bcf7-86b269bb443c,64,3413,2017-11-12 22:02:00.0,23a9c4ac_6738_4398_b39c_71506f17d0b5
769cee1d-da5f-4aa1-821b-337005b36dc4,27,1741,2017-11-12 22:02:00.0,eeef8960_1775_4eb2_bccc_04921739da39
79adb5d1-2fba-4c14-a926-7571fe9c4483,9,2067,2017-11-12 22:02:00.0,97f2e251_6847_46eb_8312_44bf9fc72b1d
7b6dfa2a-5be0-4152-935b-8fea860a250e,53,1047,2017-11-12 22:02:00.0,8e609ab2_4ab2_41d3_ab47_c6fb4785421b
7e112081-d50f-4044-936a-c12687d572b1,52,1215,2017-11-12 22:02:00.0,879ffa43_ee8d_4094_a9f7_c5199ac2f816
801f0126-d8d7-419f-84b2-b10dbf0c804c,71,238,2017-11-12 22:02:00.0,390364ad_ed27_4288_9f3a_837aab01b7bd
8177f408-219b-479d-b837-7b53984acf89,70,330,2017-11-12 22:02:00.0,907095db_3d20_418d_9f12_c79a87095220
81ca56d3-0c2c-4e46-a426-bd84dde9d860,5,1650,2017-11-12 22:02:00.0,abbdeca8_44a9_4661_aa5e_5ced480dc55f
84bdc7b8-2125-4992-8248-58b324e9181d,64,1517,2017-11-12 22:02:00.0,2110f9ef_291a_4aad_9c15_b8dadf922507
8521edc5-5d6d-4b6e-8f01-6e7b6207583c,89,1939,2017-11-12 22:02:00.0,c098aaa6_cdb9_461d_8baa_68c62dafeb81
87ddb544-9b4a-4ab0-84ae-0ae405ff095d,37,1939,2017-11-12 22:02:00.0,55061169_9b12_45b5_9c8f_325304bbfb0a
88feabf6-66a1-4e0e-9044-a6e249d7215f,89,179,2017-11-12 22:02:00.0,fb0c5ec1_5e07_48aa_b78f_a6eb1e4804b9
89f5d561-c15d-4c3b-858c-06d0f2405f5f,53,1840,2017-11-12 22:02:00.0,26b27f0f_0e0d_4cd1_950e_f006011c8ef5
8a5b5a19-19a7-4a3a-82f4-67c2fd2252a4,77,3543,2017-11-12 22:02:00.0,321eec48_5604_4780_8a40_abe1c9bb922c
8b57dbe4-b7e1-4720-8edd-1f214f230e87,38,2594,2017-11-12 22:02:00.0,63cbabbb_4ef7_4a12_8732_af3f96d1f0ac
8b6ce1cc-b91b-45ab-ae87-ca1a2a6731d6,18,1989,2017-11-12 22:02:00.0,60a909d0_d8f6_4353_9246_60d10162c735
8d9b7a7b-411e-4e0d-b3ff-0eac4a8bd9a3,35,3498,2017-11-12 22:02:00.0,d6616ba5_7f9b_48d2_a39e_b4c09480c7c8
8e5f664e-b66c-4dc8-b410-cd60245bc0fe,87,3394,2017-11-12 22:02:00.0,6fce112c_fe40_4aff_97c5_84cebab2b49b
9243b563-d4fe-4cdf-9219-a3990585c942,48,2583,2017-11-12 22:02:00.0,77e2fb29_63d1_4551_8ad5_932eb5b8a87a
924cb985-5a07-4b3d-bec7-55dfa5551f38,75,3394,2017-11-12 22:02:00.0,803e0c36_d07e_467e_ad8c_4bfaf039f8f0
9291a715-67b4-424a-a07f-4e44557aaa86,94,3201,2017-11-12 22:02:00.0,58b6f00a_fa2e_4f13_8f78_3f91ec60616c
9488cacc-7259-4e07-9244-2d781c047fbf,14,1162,2017-11-12 22:02:00.0,4815d31e_514f_498f_9d47_f39ea3e8adb5
976baedb-fc27-401a-8cf2-81c2007e8490,67,2750,2017-11-12 22:02:00.0,2b234bc6_a923_466e_8646_4b25a4b8dc17
9916a258-29db-45ef-8d6f-b1ceb3b40375,82,33,2017-11-12 22:02:00.0,1e9daf41_ae7b_4229_911d_a93c3a7ae2d6
9b19fad2-b536-43fa-a366-b56b64f0d03d,29,2766,2017-11-12 22:02:00.0,ee4c8b5f_b46f_407e_947b_38ee0e13a738
9b98bd09-f6fd-4ab5-a662-63e40ea3ab22,52,2584,2017-11-12 22:02:00.0,48b3e2af_9bec_41ed_92f1_e6ee05a13e40
9df93acf-dc55-4c39-83c7-a56b6d049670,18,3041,2017-11-12 22:02:00.0,b03f7955_1159_4667_9ca4_d5354929acb1
9ecca0af-3335-4452-a96d-cc3583e09715,61,2360,2017-11-12 22:02:00.0,940ac41e_713c_44ab_a6fa_11f2def26673
9ef9a310-5b77-4114-9dd2-ddc9c5a810f9,73,1918,2017-11-12 22:02:00.0,b8829486_d265_422b_8da3_b9544a754eca
a0df1540-c99d-4c40-91a6-acf182249336,80,35,2017-11-12 22:02:00.0,0c287535_46b9_4f8d_9849_317fa515aa49
a1b97ee4-a7c1-4626-9ab8-4a35674e32ad,76,2689,2017-11-12 22:02:00.0,b448387d_c9d7_4cd9_ad6b_b5e0d032a34c
a3003027-6435-4839-abf8-d5ec06de1dc8,99,3129,2017-11-12 22:02:00.0,770370df_f65b_4363_9c32_83375c64a06f
a373b5fa-26ea-466d-ab70-95d4ce282af1,86,1377,2017-11-12 22:02:00.0,aa4f7a3d_5c78_4b92_abf3_55fe55cb1713
a3b12d7c-4658-47be-9eca-4b467e4e9aaf,20,3247,2017-11-12 22:02:00.0,5dac83c1_c786_49db_9015_3bc04a633bab
a60979f0-c902-43e4-b300-a87434371c22,78,1766,2017-11-12 22:02:00.0,1b68e16c_0404_424e_8a64_7983c691554f
a760cc01-520f-4294-a36f-6fc330dcfe10,55,1164,2017-11-12 22:02:00.0,5ee7e14b_9089_4fed_bfaa_03d4f8a70c5a
a885a52f-eee5-4287-b7b8-3564e15f0b19,89,2968,2017-11-12 22:02:00.0,e819be2e_4d17_40e6_b233_12d3b94d81bc
a911602c-cef3-430e-b114-8cc1ff2b01ac,19,1976,2017-11-12 22:02:00.0,3719055c_fb6b_4322_935e_0e4a65f50733
a992e4d1-4e79-4c8b-b7e7-d37517ed94cd,89,192,2017-11-12 22:02:00.0,9955aeab_8086_4278_95e9_f45b36dff5b6
a9e9ee96-7c17-4139-ae87-94e5f8e997a5,72,1404,2017-11-12 22:02:00.0,539efba1_6520_48ac_b078_4ea6951747ad
aaa8f894-2e86-45f9-ac76-873ff2a98558,97,1316,2017-11-12 22:02:00.0,ef9dc418_cd99_4481_a804_fa9f948cfa5b
ab35c2a4-0b62-4336-980d-2b6511f89829,45,2995,2017-11-12 22:02:00.0,ef4e8f85_63fb_4ed4_bbfb_5fef880eb928
abb30007-c576-4720-ae14-69754bfdb9c5,2,3503,2017-11-12 22:02:00.0,4a1675cc_3edc_4572_a795_f6905fa43e5e
ae2973d7-262b-49ec-9dd3-f1f3d9aea0fd,91,2777,2017-11-12 22:02:00.0,28162ee2_3f35_4195_b31f_58a2fff836e6
ae4d409c-495b-4870-bf63-3c34e0853dc3,10,3027,2017-11-12 22:02:00.0,6e0332f0_6758_4220_93ed_ba6c5c709618
ae96faa4-6fd9-44d7-8013-0ac19d50e645,58,706,2017-11-12 22:02:00.0,f0183ecf_5681_4eef_ac6d_ac7280d32f29
b242b2d4-d491-4de2-a2ef-240132329f86,90,2091,2017-11-12 22:02:00.0,2b152573_c83c_4a48_9b2d_d80974eca730
b2f49a1f-f95d-47ff-a368-cd59bb663996,74,2062,2017-11-12 22:02:00.0,7249d60d_6a33_4c61_9a43_deb55f814bc6
b34473eb-f1a8-41f4-a448-bff2e5fd2ec1,19,2849,2017-11-12 22:02:00.0,206699d9_e932_430d_858c_f247dac40956
b61a6670-753e-42c4-8c0d-dbb45e0cd393,94,3350,2017-11-12 22:02:00.0,7f927bd9_ac30_45d8_a9ca_ee5766b1ca20
b8abdf0c-26d3-4599-a769-8b6a63a55225,2,2305,2017-11-12 22:02:00.0,ad0c32a0_e6ec_4e03_947b_f3b39a128354
ba13947b-4186-47f4-ae71-7ddf334a9f18,33,1336,2017-11-12 22:02:00.0,69d61d76_247e_42b3_87dc_a664de839511
baf424d0-cdf6-4b80-90ee-97f7e32e97ed,87,529,2017-11-12 22:02:00.0,2216cdf1_79d1_47b7_b52d_9bae8f3a7f43
bc05a694-06f3-40a4-aa3e-d85d81c7d120,11,980,2017-11-12 22:02:00.0,6f11c486_ca7a_419f_bfe1_e368721b37f0
bdae263c-c02f-40b4-9a77-397331926028,100,1772,2017-11-12 22:02:00.0,0e528fe0_aee7_4031_931d_97728cf6ddf6
bdc12e46-7dc5-4fed-b464-e99f0713cff6,38,3000,2017-11-12 22:02:00.0,4e2f58c8_c40a_4733_a582_07433c7e6478
be1129f3-648e-4b84-bd3b-c3c51a7d5a55,22,324,2017-11-12 22:02:00.0,f0b80a13_990f_4576_bba8_21d773e561f7
be49d9bd-9886-48c3-8229-b7c3918ef239,9,3308,2017-11-12 22:02:00.0,78b02c8a_b11e_4ccf_9a92_2f763f420c16
beafccd7-e7a4-4375-b2ee-2c31d0d921d1,92,2273,2017-11-12 22:02:00.0,44f808f6_7ecd_4fd0_9377_54580614d86a
c30c0c1d-b551-48d7-a35d-e84c7a522cc6,65,3333,2017-11-12 22:02:00.0,8b98136d_3b57_475f_b8e9_8568fb86ccc4
c3d4b009-82e9-47d4-8460-807547a20991,35,545,2017-11-12 22:02:00.0,fe661f8d_8c43_42f3_92e1_80914f6f172b
c455a02e-793c-479a-b7ea-144f11be657f,23,1701,2017-11-12 22:02:00.0,631a46e9_ec0e_4884_8f1d_fd7800926282
c533c16c-7238-48e7-baaa-50010c6c17b6,68,492,2017-11-12 22:02:00.0,40f02768_70b7_4583_9f4d_16238511291d
c5c5de2f-26e3-4f69-8147-abc8dadd68d6,36,867,2017-11-12 22:02:00.0,7eef0131_8379_4aa4_949e_928d456564f8
c60ff05f-623d-47e5-b3dc-c0c03b017dd7,10,1851,2017-11-12 22:02:00.0,7a4e6de4_66dc_4599_b8d0_b46626d5189d
c864418e-34fe-4979-99f3-ad12bdf23422,77,231,2017-11-12 22:02:00.0,0551d929_f16a_488f_acc0_d079e464b8f9
c9794626-05e9-4f2f-ae9c-58c1ce86ffd1,67,1797,2017-11-12 22:02:00.0,c558fba2_e406_4129_a7b3_e058712fea40
c99d6fb0-0fea-4ed1-9457-dc3b5f14e77d,85,2935,2017-11-12 22:02:00.0,bbdb50f3_0f08_4d9b_a562_6483cdb2bc85
ca525571-c37f-4d05-a2ea-f803eab0ef2c,11,1747,2017-11-12 22:02:00.0,69b95221_3c18_4753_a7b3_219466bb91ba
cab1f8db-cf0c-4b99-9952-3021981484cc,51,586,2017-11-12 22:02:00.0,9ef73e0b_d5df_457a_85ea_0b426bc830f2
caebad4d-edbf-4f96-ad37-2f6004f459b7,76,2249,2017-11-12 22:02:00.0,5482b5cd_e941_42f0_8672_29eaaae608df
cb536c49-66ba-484e-968c-b31499fc5ba7,25,2195,2017-11-12 22:02:00.0,19ecb37c_bab5_445b_895c_5238dca62ac8
cb6223d3-0a0b-4687-8430-273f047c0974,23,107,2017-11-12 22:02:00.0,d262d984_44ce_4a4c_9714_6e02df1b7757
ccc8ed29-93a3-4007-a885-5250af4b62d0,69,1603,2017-11-12 22:02:00.0,cd5a8a78_55dc_40fe_b1f9_449d11f7e2e4
cd45f8c1-9040-4775-837d-052c76e30a0e,20,1814,2017-11-12 22:02:00.0,2cd62c68_788a_4735_ad70_965594690ebd
ce1ce593-5d3f-499b-82e9-8b28bdac84ac,47,2550,2017-11-12 22:02:00.0,a03e005a_db82_4a15_8ba7_7ea7c923dfdf
d0874126-23ae-4da6-addf-1ebc0b994bf3,51,1139,2017-11-12 22:02:00.0,acc654d9_2de8_4415_900a_2851128577b7
d0e2f0ea-e3af-43c5-8dae-5592038a506d,49,730,2017-11-12 22:02:00.0,98563d8a_b6eb_420f_b957_a1171bedfeb5
d2b672c6-72e7-42e7-bf74-69e621acb155,89,1034,2017-11-12 22:02:00.0,75de6c26_322e_4808_8a96_d797dc1b1dba
d3a6b9db-b33a-4f4c-8f2c-594cbc49a4e0,88,1418,2017-11-12 22:02:00.0,92c52505_6fcd_4627_a5cd_80f4c4b46f3c
d82c1523-5943-4244-a901-b83d5988b8a6,19,1300,2017-11-12 22:02:00.0,4e5b24d9_e99f_47c1_9024_82b29ec3c1b3
d8b4efae-f4d2-4ff0-8cc0-10431c3a2084,67,2068,2017-11-12 22:02:00.0,0036dc9c_e369_4e9a_8894_79e05390d037
db8600b8-3aaa-4b65-ab6f-de5360b02f35,6,2585,2017-11-12 22:02:00.0,47e46aef_c2a6_4495_a53e_d302eb27138c
dbb74f44-af34-42bb-b46f-e7cf0392dee3,46,3322,2017-11-12 22:02:00.0,1fe99505_44d2_4345_ae0d_5adc95869026
dbc3f181-36fb-4b45-a439-e17a12b0fd8b,86,3414,2017-11-12 22:02:00.0,8f9fd895_8748_43ea_8d1a_d4990c5accf7
e0cefe09-071a-43b6-b312-ae3807d0222a,97,1488,2017-11-12 22:02:00.0,3f245eef_c033_48a2_8470_2c1ae6855fc7
e0fa143f-8236-4d7f-8962-9b153d9db83e,41,1162,2017-11-12 22:02:00.0,bb23b2a3_c071_4766_a507_399ffc70a2da
e2550b87-89fe-4e45-9232-964d3af2872d,46,2240,2017-11-12 22:02:00.0,122eae61_a387_49ed_9a79_874b58947de2
e2dec42d-84f8-451f-9d0e-d0ec1467d6c6,6,52,2017-11-12 22:02:00.0,ce497133_46c3_46a6_9cf7_19b2b2f8c282
e52c6aca-6e74-4c32-9074-a42a8cd61bca,58,3470,2017-11-12 22:02:00.0,ca08b12a_9117_43f0_b063_f15f082c6045
e6155594-9cbb-4eb8-868b-cbd2bddba86d,79,2369,2017-11-12 22:02:00.0,00494232_2708_4b84_b019_9a9686333bc8
e6e6bde7-043e-46d6-8aa3-5d0a7d1285bc,92,108,2017-11-12 22:02:00.0,ea0175d1_c0fe_46b4_b5aa_63c5cf4b1593
e84ec15c-5929-4fa8-95d0-1674a8b17fab,57,804,2017-11-12 22:02:00.0,578b1376_c589_4c5f_b535_ebfa18bec297
e8e36ab5-6a73-49b0-b5d6-2d3a2be44cc4,62,1505,2017-11-12 22:02:00.0,e5027223_7b20_438e_94bb_1af20e290b8c
e9c17294-43ad-4951-9487-da81f14794d8,51,1728,2017-11-12 22:02:00.0,08855c9c_2633_4ab6_8445_278a9719accd
ec809d67-7812-4749-9106-a1d30fb503f1,2,2304,2017-11-12 22:02:00.0,41fce9ca_0ccc_4013_8edd_c214c04ff5e8
ecc51905-905a-44f4-b616-3bd32309b8fd,88,1199,2017-11-12 22:02:00.0,27d24cdb_77c8_44b4_8c2b_1a20e0a59315
ef303dc5-07be-45d2-9e93-0129320fe336,61,717,2017-11-12 22:02:00.0,57aefb69_b058_49cd_9768_4f82c1a84f5d
f0998b76-e8b6-4c56-9bc9-2bac01870345,84,1921,2017-11-12 22:02:00.0,e14eab61_2ea8_4291_8f7a_c5ad7e032d90
f59728f9-05a4-4994-b7c7-5ae12329c9ec,4,1006,2017-11-12 22:02:00.0,34adedd4_7aa0_4c2e_9b0e_e676c666a127
f61f5314-1257-4312-abbc-e7c9b101fc7d,32,2605,2017-11-12 22:02:00.0,55af5f42_7f9e_4c86_beb6_6928b39c0f56
f8549df9-8bae-4842-a3e3-c4b86bedf762,31,3141,2017-11-12 22:02:00.0,f0884e74_9da9_4912_aaf6_9bddaf57614e
fa5322fd-143e-41b0-a5bb-b8525d3d3b18,81,3461,2017-11-12 22:02:00.0,07fdf1f4_3fa9_475f_95f7_5d25ea598bb4
fac74b5e-b223-4fd8-915d-87e9381cb484,3,3061,2017-11-12 22:02:00.0,ed0d16cd_dea4_43b3_a9ec_a81c3129c560
faec06e4-aebf-4f3c-b38b-a26ac6f8532c,82,3003,2017-11-12 22:02:00.0,0667ef1a_0e98_4ea1_871b_83118bd47b65
fbb7616d-08f9-4dde-83a8-1853631c3b99,95,595,2017-11-12 22:02:00.0,65d3107a_6684_4f77_9c37_d29a38eff2aa
fc505124-67fe-45d1-bfc0-875bfe870e20,14,1853,2017-11-12 22:02:00.0,8692e58a_3cf2_4f75_aa78_dc3e245cee14
fc7bf3f8-f9da-4029-9c43-f2fc34607c37,37,1603,2017-11-12 22:02:00.0,7c664483_d53a_49ec_9aa3_ac306d50ee84
fdf89944-13e8-42cd-a097-a4e99c827e7c,67,1900,2017-11-12 22:02:00.0,ab4cec18_6ef9_4177_ae5c_9f0346acfac9
fefb8a13-df73-4cb2-b2b8-84941a69dfba,68,2172,2017-11-12 22:02:00.0,4674bdf7_0a4e_4908_ad68_604ae2e4bb36
ff9609db-3447-41de-a6c7-0f8518cdbeb5,27,2873,2017-11-12 22:02:00.0,8237cc21_f631_48ac_9d9f_73458877eee3
